% Encoding: UTF-8

@Misc{ldapSearchHelp,
  title        = {ldapsearch man page},
  howpublished = {\url{https://linux.die.net/man/1/ldapsearch}},
}

@Misc{ldapJNDILookupExample,
  title        = {jndi lookup example},
  howpublished = {\url{http://docs.oracle.com/javase/tutorial/jndi/ops/examples/Lookup.java}},
}

@Misc{ldapJNDIAuthenticationExample,
  title        = {jndi authentication example},
  howpublished = {\url{http://docs.oracle.com/javase/tutorial/jndi/ldap/examples/Simple.java}},
}

@Comment{jabref-meta: databaseType:bibtex;}
